@article{Sequitur,
  title={Identifying hierarchical structure in sequences: A linear-time algorithm},
  author={Nevill-Manning, Craig G. and Witten, Ian H.},
  journal={arXiv preprint cs/9709102},
  year={1997}
}

 @inproceedings{SAXExp,
  title={SAXually explicit images: Finding unusual shapes},
  author={Wei, Li and Keogh, Eamonn and Xi, Xiaopeng},
  booktitle={Data Mining, 2006. ICDM'06. Sixth International Conference on},
  pages={711--720},
  year={2006},
  organization={IEEE}
}

@inproceedings{SAX,
  author = {Jessica Lin and Eamonn Keogh and Li Wei and Stefano Lonardi},
  title = {Experiencing SAX: a novel symbolic representation of time series},
  booktitle = {Journal Data Mining and Knowledge Discovery},
  year = {2007}
 }

@article{VariableMotifs,
  title={Visualizing Variable-Length Time Series Motifs},
  author={Li, Yuan and Lin, Jessica and Oates, Tim}
}

@article{normalSimilarity,
  title={The overlapping coefficient as a measure of agreement between probability distributions and point estimation of the overlap of two normal densities},
  author={Inman, Henry F and Bradley Jr, Edwin L},
  journal={Communications in Statistics-Theory and Methods},
  volume={18},
  number={10},
  pages={3851--3874},
  year={1989},
  publisher={Taylor \& Francis}
}